@article{HassanAA23,
  author       = {Ahdi Hassan and
                  Abdalilah. G. I. Alhalangy and
                  Fahad Al{-}Zahrani},
  title        = {Fake Accounts Identification in Mobile Communication Networks Based
                  on Machine Learning},
  journal      = {Int. J. Interact. Mob. Technol., 2023.},
  volume       = {17},
  number       = {4. -- 64--74 pp.},
  url          = {https://doi.org/10.3991/ijim.v17i04.37645},
  doi          = {10.3991/ijim.v17i04.37645},
  timestamp    = {Sat, 30 Sep 2023 10:15:34 +0200},
  biburl       = {https://dblp.org/rec/journals/ijim/HassanAA23.bib},
  bibsource    = {dblp computer science bibliography, https://dblp.org}
}

@article{abs-2308-05353,
  author       = {Adam Breuer and
                  Nazanin Khosravani Tehrani and
                  Michael Tingley and
                  Bradford Cottel},
  title        = {Preemptive Detection of Fake Accounts on Social Networks via Multi-Class
                  Preferential Attachment Classifiers},
  journal      = {CoRR, 2023},
  volume       = {abs/2308.05353},
  url          = {https://doi.org/10.48550/arXiv.2308.05353},
  doi          = {10.48550/arXiv.2308.05353},
  eprinttype    = {arXiv},
  eprint       = {2308.05353},
  timestamp    = {Tue, 22 Aug 2023 13:58:15 +0200},
  biburl       = {https://dblp.org/rec/journals/corr/abs-2308-05353.bib},
  bibsource    = {dblp computer science bibliography, https://dblp.org}
}

@article{MohammadrezaeiS19,
  author       = {Mohammadreza Mohammadrezaei and
                  Mohammad Ebrahim Shiri and
                  Amir Masoud Rahmani},
  title        = {Detection of Fake Accounts in Social Networks Based on One Class Classification},
  journal      = {{ISC} Int. J. Inf. Secur., 2019.},
  volume       = {11},
  number       = {2. -- 173--183 pp.},
  url          = {https://doi.org/10.22042/isecure.2019.165312.450},
  doi          = {10.22042/isecure.2019.165312.450},
  timestamp    = {Thu, 27 Aug 2020 13:19:22 +0200},
  biburl       = {https://dblp.org/rec/journals/isecure/MohammadrezaeiS19.bib},
  bibsource    = {dblp computer science bibliography, https://dblp.org}
}


@inproceedings{StolbovaGI21,
  author       = {Anastasia Stolbova and
                  Rustam Ganeev and
                  Anton Ivaschenko},
  title        = {Intelligent Identification of Fake Accounts on Social Media},
  booktitle    = {30th Conference of Open Innovations Association, {FRUCT} 2021, Oulu,
                  Finland, October 27-29, 2021},
  publisher    = {{IEEE}},
  year         = {2021. -- 279--284 pp.},
  url          = {https://doi.org/10.23919/FRUCT53335.2021.9599974},
  doi          = {10.23919/FRUCT53335.2021.9599974},
  timestamp    = {Mon, 16 May 2022 14:00:20 +0200},
  biburl       = {https://dblp.org/rec/conf/fruct/StolbovaGI21.bib},
  bibsource    = {dblp computer science bibliography, https://dblp.org}
}

@article{UppadaMVHS22,
  author       = {Santosh Kumar Uppada and
                  K. Manasa and
                  B. Vidhathri and
                  R. Harini and
                  B. Sivaselvan},
  title        = {Novel approaches to fake news and fake account detection in OSNs:
                  user social engagement and visual content centric model},
  journal      = {Soc. Netw. Anal. Min., 2022.},
  volume       = {12},
  number       = {1. -- 52 p.},
  url          = {https://doi.org/10.1007/s13278-022-00878-9},
  doi          = {10.1007/s13278-022-00878-9},
  timestamp    = {Mon, 26 Sep 2022 12:22:00 +0200},
  biburl       = {https://dblp.org/rec/journals/snam/UppadaMVHS22.bib},
  bibsource    = {dblp computer science bibliography, https://dblp.org}
}

@inproceedings{ElyusufiEK19,
  author       = {Yasyn Elyusufi and
                  Zakaria Elyusufi and
                  M'hamed A{\"{\i}}t Kbir},
  title        = {Social networks fake profiles detection based on account setting and
                  activity},
  booktitle    = {Proceedings of the 4th International Conference on Smart City Applications,
                  {SCA} 2019, Casablanca, Morocco, October 02-04, 2019},
  publisher    = {{ACM}},
  year         = {2019. -- 37:1--37:5 pp.},
  url          = {https://doi.org/10.1145/3368756.3369015},
  doi          = {10.1145/3368756.3369015},
  timestamp    = {Sat, 30 Sep 2023 09:55:52 +0200},
  biburl       = {https://dblp.org/rec/conf/sca2/ElyusufiEK19.bib},
  bibsource    = {dblp computer science bibliography, https://dblp.org}
}

@inproceedings{ChenW18,
  author       = {Yeh{-}Cheng Chen and
                  Shyhtsun Felix Wu},
  title        = {FakeBuster: {A} Robust Fake Account Detection by Activity Analysis},
  booktitle    = {9th International Symposium on Parallel Architectures, Algorithms
                  and Programming, {PAAP} 2018, Taipei, Taiwan, December 26-28, 2018},
  publisher    = {{IEEE}, 2018. -- 108--110 pp.},
  doi          = {10.1109/PAAP.2018.00026},
  timestamp    = {Wed, 16 Oct 2019 14:14:56 +0200},
}

@inproceedings{GurajalaWHM15,
  author       = {Supraja Gurajala and
                  Joshua S. White and
                  Brian Hudson and
                  Jeanna N. Matthews},
  editor       = {Anatoliy A. Gruzd and
                  Jenna Jacobson and
                  Philip Mai and
                  Barry Wellman},
  title        = {Fake Twitter accounts: profile characteristics obtained using an activity-based
                  pattern detection approach},
  booktitle    = {Proceedings of the 2015 International Conference on Social Media {\&}
                  Society, Toronto, ON, Canada, July 27-29, 2015},
  publisher    = {{ACM}},
  year         = {2015. -- 9:1--9:7 pp.},
  url          = {https://doi.org/10.1145/2789187.2789206},
  doi          = {10.1145/2789187.2789206},
  timestamp    = {Sat, 09 Apr 2022 12:36:32 +0200},
  biburl       = {https://dblp.org/rec/conf/smsociety/GurajalaWHM15.bib},
  bibsource    = {dblp computer science bibliography, https://dblp.org}
}

@inproceedings{HsuKJ19,
  author       = {Stephen Hsu and
                  David Kes and
                  Alark Joshi},
  editor       = {Thomas Wischgoll and
                  Song Zhang and
                  David L. Kao and
                  Yi{-}Jen Chiang},
  title        = {Visualizing Tweets from Confirmed Fake Russian Accounts},
  booktitle    = {Visualization and Data Analysis 2019, Burlingame, CA, USA, 16-17 January
                  2019},
  publisher    = {Society for Imaging Science and Technology},
  year         = {2019},
  url          = {https://doi.org/10.2352/ISSN.2470-1173.2019.1.VDA-678},
  doi          = {10.2352/ISSN.2470-1173.2019.1.VDA-678},
  timestamp    = {Tue, 18 Jul 2023 16:44:23 +0200},
  biburl       = {https://dblp.org/rec/conf/vda/HsuKJ19.bib},
  bibsource    = {dblp computer science bibliography, https://dblp.org}
}

@article{FahmyAKE23,
  author       = {Sara G. Fahmy and
                  Sayed AbdelGaber and
                  Omar H. Karam and
                  Doaa S. Elzanfaly},
  title        = {Modeling the Influence of Fake Accounts on User Behavior and Information
                  Diffusion in Online Social Networks},
  journal      = {Informatics, 2023.},
  volume       = {10},
  number       = {1. -- 27 p.},
  url          = {https://doi.org/10.3390/informatics10010027},
  doi          = {10.3390/INFORMATICS10010027},
  timestamp    = {Mon, 26 Jun 2023 20:57:25 +0200},
  biburl       = {https://dblp.org/rec/journals/informatics/FahmyAKE23.bib},
  bibsource    = {dblp computer science bibliography, https://dblp.org}
}

@inproceedings{LiuTZ08,
  author       = {Fei Tony Liu and
                  Kai Ming Ting and
                  Zhi{-}Hua Zhou},
  title        = {Isolation Forest},
  booktitle    = {Proceedings of the 8th {IEEE} International Conference on Data Mining
                  {(ICDM} 2008), December 15-19, 2008, Pisa, Italy},
  publisher    = {{IEEE} Computer Society},
  year         = {2008. -- 413--422 pp.},
  url          = {https://doi.org/10.1109/ICDM.2008.17},
  doi          = {10.1109/ICDM.2008.17},
  timestamp    = {Fri, 24 Mar 2023 00:01:15 +0100},
  biburl       = {https://dblp.org/rec/conf/icdm/LiuTZ08.bib},
  bibsource    = {dblp computer science bibliography, https://dblp.org}
}

@inproceedings{BoshmafMBR11,
  author       = {Yazan Boshmaf and
                  Ildar Muslukhov and
                  Konstantin Beznosov and
                  Matei Ripeanu},
  editor       = {Robert H'obbes' Zakon and
                  John P. McDermott and
                  Michael E. Locasto},
  title        = {The socialbot network: when bots socialize for fame and money},
  booktitle    = {Twenty-Seventh Annual Computer Security Applications Conference, {ACSAC}
                  2011, Orlando, FL, USA, 5-9 December 2011},
  publisher    = {{ACM}},
  year         = {2011. -- 93--102 pp.},
  url          = {https://doi.org/10.1145/2076732.2076746},
  doi          = {10.1145/2076732.2076746},
  timestamp    = {Tue, 06 Nov 2018 16:59:24 +0100},
  biburl       = {https://dblp.org/rec/conf/acsac/BoshmafMBR11.bib},
  bibsource    = {dblp computer science bibliography, https://dblp.org}
}

@inproceedings{SantistebanT15,
  author       = {Julio Santisteban and
                  Javier Tejada{-}C{\'{a}}rcamo},
  editor       = {Omar Alonso and
                  Marti A. Hearst and
                  Jaap Kamps},
  title        = {Unilateral Jaccard Similarity Coefficient},
  booktitle    = {Proceedings of the First International Workshop on Graph Search and
                  Beyond, {GSB} 2015, co-located with The 38th Annual {SIGIR} Conference
                  (SIGIR'15), Santiago, Chile, August 13th, 2015},
  series       = {{CEUR} Workshop Proceedings},
  volume       = {1393},
  publisher    = {CEUR-WS.org},
  year         = {2015. -- 23--27 pp.},
  url          = {https://ceur-ws.org/Vol-1393/paper-10.pdf},
  timestamp    = {Fri, 10 Mar 2023 16:22:16 +0100},
  biburl       = {https://dblp.org/rec/conf/sigir/SantistebanT15.bib},
  bibsource    = {dblp computer science bibliography, https://dblp.org}
}

@inproceedings{Hier,
  author       = {Day, William H. E., Edelsbrunner, Herbert},
  title        = {Efficient algorithms for agglomerative hierarchical clustering methods},
  booktitle    = {Journal of Classification 1, 7–24 (1984)},
  pages        = {7--24},
  year         = {1984},
  url          = {https://doi.org/10.1007/BF01890115},
  biburl       = {https://doi.org/10.1007/BF01890115},
  bibsource    = {https://link.springer.com/article/10.1007/BF01890115}
}

@inproceedings{EsterKSX96,
  author       = {Martin Ester and
                  Hans{-}Peter Kriegel and
                  J{\"{o}}rg Sander and
                  Xiaowei Xu},
  editor       = {Evangelos Simoudis and
                  Jiawei Han and
                  Usama M. Fayyad},
  title        = {A Density-Based Algorithm for Discovering Clusters in Large Spatial
                  Databases with Noise},
  booktitle    = {Proceedings of the Second International Conference on Knowledge Discovery
                  and Data Mining (KDD-96), Portland, Oregon, {USA}},
  publisher    = {{AAAI} Press},
  year         = {1996. -- 226--231 pp.},
  url          = {http://www.aaai.org/Library/KDD/1996/kdd96-037.php},
  timestamp    = {Sun, 05 Aug 2018 22:58:23 +0200},
  biburl       = {https://dblp.org/rec/conf/kdd/EsterKSX96.bib},
  bibsource    = {dblp computer science bibliography, https://dblp.org}
}


@inproceedings{leven,
  author       = {В.И.Левенштейн},
  title        = {Двоичные коды с~исправлением выпадений, вставок и замещений символов},
  booktitle    = {Докл. АН СССР, 163},
  pages        = {845--848},
  year         = {1965},
}




@article{Banfield1993ModelbasedGA,
  title={Model-based Gaussian and non-Gaussian clustering},
  author={Jeffrey D. Banfield and Adrian E. Raftery},
  journal={Biometrics, 1993},
  volume={49 -- 803--821 pp},
  % pages={803-821}
}



@bibcite{vscode,
  title = {Visual Studio Code},
  url = {https://code.visualstudio.com/},
  urldate = {2023-03-16 г.}
}

@bibcite{tkinter,
  title = {Tkinter},
  url = {https://docs.python.org/3/library/tkinter.html},
  urldate = {2024-02-24 г.}
}


@bibcite{sqlite3,
  title = {Sqlite3},
  url = {https://docs.python.org/3/library/sqlite3.html},
  urldate = {2023-10-15 г.}
}

@bibcite{pandas,
  title = {Pandas},
  url = {https://pandas.pydata.org/},
  urldate = {2023-10-15 г.}
}

@bibcite{scikit-learn,
  title = {Scikit-learn},
  url = {https://scikit-learn.org/stable/},
  urldate = {2023-10-16 г.}
}

@bibcite{maptolib,
  title = {Maptolib},
  url = {https://matplotlib.org/stable/api/pyplot\_summary.html},
  urldate = {2023-10-17 г.}
}

@bibcite{numpy,
  title = {Numpy},
  url = {https://numpy.org/doc/stable/},
  urldate = {2023-10-17 г.}
}


@bibcite{git,
  title = {Course\_work},
  url = {https://github.com/AnastasiaTolmacheva/course\_work/tree/app},
  urldate = {2023-09-20 г.}
}


@book{BreimanFOS84,
  author       = {Leo Breiman and
                  J. H. Friedman and
                  Richard A. Olshen and
                  C. J. Stone},
  title        = {Classification and Regression Trees},
  publisher    = {Wadsworth},
  year         = {1984},
  isbn         = {0-534-98053-8},
  timestamp    = {Mon, 10 Jul 2023 12:50:10 +0200},
  biburl       = {https://dblp.org/rec/books/wa/BreimanFOS84.bib},
  bibsource    = {dblp computer science bibliography, https://dblp.org}
}

@article{Breiman01,
  author       = {Leo Breiman},
  title        = {Random Forests},
  journal      = {Mach. Learn.},
  volume       = {45},
  number       = {1},
  pages        = {5--32},
  year         = {2001},
  url          = {https://doi.org/10.1023/A:1010933404324},
  doi          = {10.1023/A:1010933404324},
  timestamp    = {Mon, 02 Mar 2020 16:29:57 +0100},
  biburl       = {https://dblp.org/rec/journals/ml/Breiman01.bib},
  bibsource    = {dblp computer science bibliography, https://dblp.org}
}

@article{Breiman96b,
  author       = {Leo Breiman},
  title        = {Bagging Predictors},
  journal      = {Mach. Learn.},
  volume       = {24},
  number       = {2},
  pages        = {123--140},
  year         = {1996},
  url          = {https://doi.org/10.1007/BF00058655},
  doi          = {10.1007/BF00058655},
  timestamp    = {Mon, 02 Mar 2020 16:29:58 +0100},
  biburl       = {https://dblp.org/rec/journals/ml/Breiman96b.bib},
  bibsource    = {dblp computer science bibliography, https://dblp.org}
}

@inproceedings{Hunt1966ExperimentsII,
  title={Experiments in induction},
  author={Earl B. Hunt, J Marin, Philip J. Stone},
  year={1966},
  url={https://api.semanticscholar.org/CorpusID:56683335}
}


@article{Damerau64,
  author       = {Fred Damerau},
  title        = {A technique for computer detection and correction of spelling errors},
  journal      = {Commun. {ACM}, 1964.},
  volume       = {7},
  number       = {3. -- 171--176 pp.},
  url          = {https://doi.org/10.1145/363958.363994},
  doi          = {10.1145/363958.363994},
  timestamp    = {Sun, 02 Jun 2019 20:49:00 +0200},
  biburl       = {https://dblp.org/rec/journals/cacm/Damerau64.bib},
  bibsource    = {dblp computer science bibliography, https://dblp.org}
}
